@article{Justice2014,
author = {Justice, Ministry},
file = {:home/sergio/.local/share/data/Mendeley Ltd./Mendeley Desktop/Downloaded/Justice - 2014 - Prison Population Projections 2014 â€“ 2020, England and Wales.pdf:pdf},
journal = {Home Office Statistical Bulletin},
keywords = {Ministry of Justice,MoJ,Prison,Prison Population,Projections},
number = {November},
pages = {31},
title = {{Prison Population Projections 2014 2020, England and Wales}},
year = {2014}
}
