@article{Lee1994,
author = {Lee, Ronald Demos and Tuljapurkar, Shripad},
doi = {10.2307/2290980},
file = {:home/sergio/Dropbox/4{\_}Clases/Demograf{\'{i}}a/Lee-R-etal{\_}1994{\_}Stochastic-Population-Forecasts-for-US.pdf:pdf},
issn = {01621459},
journal = {Journal of the American Statistical Association},
month = {dec},
number = {428},
pages = {1175},
title = {{Stochastic Population Forecasts for the United States: Beyond High, Medium, and Low}},
url = {http://www.jstor.org/stable/2290980?origin=crossref},
volume = {89},
year = {1994}
}
